<record><leader>00000cas a2200000 a 4500</leader><controlfield tag="001">12025660</controlfield><controlfield tag="008">850511d18851921hiudr ne      0   a0eng c</controlfield><datafield ind1=" " ind2=" " tag="010"><subfield code="a">sn 85047084 </subfield></datafield><datafield ind1=" " ind2=" " tag="040"><subfield code="a">HUH</subfield><subfield code="b">eng</subfield><subfield code="c">HUH</subfield><subfield code="d">HWN</subfield><subfield code="d">NPA</subfield><subfield code="d">DLC</subfield><subfield code="d">MGN</subfield><subfield code="d">NSD</subfield><subfield code="d">CNK</subfield><subfield code="d">CRL</subfield><subfield code="d">CUI</subfield><subfield code="d">OCLCQ</subfield><subfield code="d">DLC</subfield><subfield code="d">OCLCF</subfield><subfield code="d">DLC</subfield></datafield><datafield ind1="0" ind2=" " tag="022"><subfield code="a">2375-3137</subfield><subfield code="2">1</subfield></datafield><datafield ind1=" " ind2=" " tag="042"><subfield code="a">pcc</subfield><subfield code="a">nsdp</subfield></datafield><datafield ind1=" " ind2=" " tag="043"><subfield code="a">n-us-hi</subfield></datafield><datafield ind1="0" ind2="0" tag="050"><subfield code="a">Newspaper</subfield></datafield><datafield ind1=" " ind2="4" tag="050"><subfield code="a">AN</subfield></datafield><datafield ind1="0" ind2="0" tag="082"><subfield code="a">071</subfield><subfield code="2">23</subfield></datafield><datafield ind1="0" ind2=" " tag="130"><subfield code="a">Pacific commercial advertiser (1885)</subfield></datafield><datafield ind1=" " ind2="4" tag="222"><subfield code="a">The Pacific commercial advertiser</subfield><subfield code="b">(1885. Print)</subfield></datafield><datafield ind1="1" ind2="4" tag="245"><subfield code="a">The Pacific commercial advertiser.</subfield></datafield><datafield ind1="1" ind2="7" tag="246"><subfield code="a">Daily Pacific commercial advertiser</subfield><subfield code="f">Jan.-Aug. 20, 1885</subfield></datafield><datafield ind1="1" ind2=" " tag="246"><subfield code="i">Sunday issues have title:</subfield><subfield code="a">Sunday advertiser</subfield></datafield><datafield ind1=" " ind2=" " tag="260"><subfield code="a">Honolulu, Hawaiian Islands :</subfield><subfield code="b">[s.n.],</subfield><subfield code="c">1885-1921.</subfield></datafield><datafield ind1=" " ind2=" " tag="300"><subfield code="a">62 v. :</subfield><subfield code="b">ill. ;</subfield><subfield code="c">68 cm.</subfield></datafield><datafield ind1=" " ind2=" " tag="310"><subfield code="a">Daily,</subfield><subfield code="b">January 4, 1903-&lt;December 25, 1910&gt;.</subfield></datafield><datafield ind1=" " ind2=" " tag="321"><subfield code="a">Daily (except Sun.),</subfield><subfield code="b">January 10, 1885-January 3, 1903</subfield></datafield><datafield ind1="0" ind2=" " tag="362"><subfield code="a">Vol. 3, no. 215 (Jan. 10, 1885)-v. 64, no. 12,276 (Mar. 30, 1921).</subfield></datafield><datafield ind1=" " ind2=" " tag="500"><subfield code="a">Issue for Aug. 4, 1898 also called: "Boys in blue edition."</subfield></datafield><datafield ind1=" " ind2=" " tag="500"><subfield code="a">Republican. Cf. Ayer, 1921.</subfield></datafield><datafield ind1=" " ind2=" " tag="515"><subfield code="a">Sunday issues carry separate numbering.</subfield></datafield><datafield ind1=" " ind2=" " tag="530"><subfield code="a">Also issued on microfilm from UMI.</subfield></datafield><datafield ind1=" " ind2=" " tag="530"><subfield code="a">Archived issues are available in digital format from the Library of Congress Chronicling America online collection.</subfield></datafield><datafield ind1=" " ind2=" " tag="580"><subfield code="a">Until May 1888, issued concurrently with a weekly newspaper of the same title: Pacific commercial advertiser (Honolulu, Hawaii : 1856).</subfield></datafield><datafield ind1=" " ind2="0" tag="651"><subfield code="a">Honolulu (Hawaii)</subfield><subfield code="v">Newspapers.</subfield></datafield><datafield ind1=" " ind2="7" tag="651"><subfield code="a">Hawaii</subfield><subfield code="z">Honolulu.</subfield><subfield code="2">fast</subfield><subfield code="0">(OCoLC)fst01204916</subfield></datafield><datafield ind1=" " ind2="7" tag="655"><subfield code="a">Newspapers.</subfield><subfield code="2">fast</subfield><subfield code="0">(OCoLC)fst01423814</subfield></datafield><datafield ind1=" " ind2=" " tag="752"><subfield code="a">United States</subfield><subfield code="b">Hawaii</subfield><subfield code="c">Honolulu</subfield><subfield code="d">Honolulu.</subfield></datafield><datafield ind1="0" ind2=" " tag="775"><subfield code="t">Pacific commercial advertiser (Honolulu, Hawaii : 1856)</subfield><subfield code="x">2332-0656</subfield><subfield code="w">(DLC)sn 82015418</subfield><subfield code="w">(OCoLC)8807872</subfield></datafield><datafield ind1="0" ind2="8" tag="776"><subfield code="i">Online version:</subfield><subfield code="t">The Pacific commercial advertiser (Honolulu, Hawaii. 1885. Online)</subfield><subfield code="x">2375-3145</subfield><subfield code="w">(DLC)  2014218625</subfield><subfield code="w">(OCoLC)666483889</subfield></datafield><datafield ind1="0" ind2="0" tag="780"><subfield code="t">Daily Pacific commercial advertiser</subfield><subfield code="w">(DLC)sn 85047083</subfield><subfield code="w">(OCoLC)12025657</subfield></datafield><datafield ind1="0" ind2="0" tag="785"><subfield code="t">Honolulu advertiser</subfield><subfield code="x">1072-7191</subfield><subfield code="w">(DLC)sn 82014685</subfield><subfield code="w">(OCoLC)8807414</subfield></datafield><datafield ind1="4" ind2="1" tag="856"><subfield code="u">http://www.loc.gov/chroniclingamerica/lccn/sn85047084/issues</subfield></datafield><datafield ind1="1" ind2=" " tag="029"><subfield code="a">AU@</subfield><subfield code="b">000020380186</subfield></datafield></record>